2959 5567
354 931 553 1121 capititidum
577 1023 834 1116 compelluntur.
847 1023 963 1121 Atque
984 1025 1061 1096 hzc
1083 1043 1177 1098 certe
1198 1041 1260 1096 mor

356 1124 434 1193 lella
458 1119 597 1192 sensatio
622 1121 691 1203 est,
716 1121 770 1190 cui
795 1120 972 1214 voluptas,
996 1147 1076 1216 quc
1100 1120 1262 1216 percipitur

358 1217 516 1304 edendo,
536 1215 637 1294 facile
662 1217 921 1304 medeturrhaec
936 1237 1057 1289 autent
1080 1243 1162 1290 cum
1184 1215 1262 1328 pubi

357 1339 428 1385 non
462 1312 721 1404 confundendae
755 1315 856 1390 huuc¹
880 1312 974 1384 enim
1011 1305 1117 1386 eriam
1152 1313 1262 1386 satuttu

356 1413 493 1496 habere,
517 1410 607 1481 illam
632 1434 712 1480 vero
734 1403 867 1479 nonnifi
890 1408 1070 1482 famelicus
1079 1409 1197 1506 potest.
1208 1407 1261 1480 Ve-

178 1533 323 1601 optnrones
358 1527 445 1580 teres
469 1534 488 1579 a
512 1505 603 1576 suctu
627 1528 786 1594 venatum
809 1505 846 1576 in
882 1504 1074 1590 intestinis,
1099 1515 1135 1578 δι
1151 1505 1260 1590 ,ventu

208 1605 240 1654 te
257 1600 324 1652 ΜΕ
360 1605 439 1676 culo
464 1601 595 1684 vacuis,
620 1599 740 1673 fantem
777 1600 910 1674 excitari
944 1604 1189 1687 crediderunt3
1219 1595 1260 1672 tlii

358 1725 400 1772 ex
424 1698 590 1771 fermento
613 1697 712 1769 acido
737 1698 932 1770 ventriculis
969 1699 1052 1798 iuge
1085 1698 1199 1771 mollia
1218 1695 1261 1766 lla·

354 1796 428 1868 cida
452 1796 486 1866 in
523 1818 605 1866 cavo
642 1793 815 1866 ventriculi
846 1794 996 1886 pendula
1032 1820 1115 1868 cum
1149 1791 1257 1889 papillis

355 1892 487 1964 nerveis
512 1889 649 1960 moleste
672 1887 759 1961 affici
795 1889 909 1964 censet
942 1894 1163 1974 Boerhaave,
1195 1889 1257 1960 hirc

356 2014 375 2058 a
399 1986 552 2083 iugorum
576 1985 709 2056 illorum
733 1973 869 2058 defeclu
892 1987 1016 2060 inediae
1041 1985 1259 2084 patientinmir

355 2084 584 2177 serpentibus,
610 2089 645 2152 &
669 2081 810 2175 piscibus
833 2073 961 2157 forcalle
994 2083 1150 2176 pendere
1173 2078 1258 2173 conji-

216 2246 295 2298 m,
356 2179 400 2251 cit
425 2181 552 2254 Haller.
577 2177 783 2250 probabilius
808 2180 939 2253 videtur
962 2204 982 2248 a
1006 2171 1114 2253 succo
1138 2179 1256 2277 gastrim

164 2254 531 2386 fflsso²gfflssventriculi
556 2272 715 2346 internam
740 2275 885 2348 tunicam
903 2271 1069 2352 acerrime
1081 2277 1258 2348 sentientem

356 2373 558 2454 vellicante,
582 2370 706 2443 famem
730 2372 887 2446 excitari.
922 2373 1028 2464 Alius*
1059 2397 1134 2446 non
1157 2372 1259 2470 'minu

355 2464 552 2542 necessarius
579 2467 685 2540 sensus
722 2468 770 2538 est
803 2463 895 2554 fitis,
929 2493 1009 2539 cum
1046 2468 1174 2540 diutius
1206 2463 1259 2540 stne

231 2582 295 2631 surr
358 2566 461 2651 cibo,
485 2589 584 2664 quam
608 2561 678 2651 sine
703 2583 787 2658 potu
810 2565 922 2638 vivere
955 2561 1082 2659 poffint
1118 2566 1259 2659 pleraque

356 2664 519 2735 animalia.
545 2665 644 2734 Hanc
669 2685 738 2731 nou
763 2658 869 2733 solum
893 2661 1041 2756 linguat,
1066 2661 1260 2742 &faucium

250 2774 253 2781 '
330 2781 475 2856 ¹vetum
510 2758 605 2829 etiam
631 2756 824 2852 oesophagi,
860 2766 896 2832 &
933 2758 1112 2836 ventriculi
1133 2753 1261 2828 .liccitu

175 2841 337 2961 ‘dffiffl
357 2854 491 2924 excitat.
517 2854 552 2923 Si
566 2854 683 2925 cameli
698 2854 784 2924 inter
795 2855 899 2950 longa
913 2853 1035 2926 itinera
1061 2849 1259 2935 annutiant,

235 2980 318 3031 fiuant
356 2947 389 3017 id
414 2950 459 3019 ob
483 2947 605 3019 vesicas
634 2949 811 3022 ventriculi
836 2977 928 3047 aquae
953 2951 1070 3045 plenas
1096 2947 1224 3026 evcnit.

143 3113 149 3124 x
407 3070 425 3113 2
431 3071 486 3133 39.
512 3046 600 3114 Tota
623 3042 731 3129 malla,
754 3073 828 3142 quae
847 3048 1005 3130 calvaria,
1030 3051 1166 3140 (cranii)
1186 3043 1259 3118 cavi·

196 3142 339 3196 cerebrm
356 3158 456 3211 tatem
480 3140 612 3233 penitus
647 3161 816 3235 occupat,
853 3145 1028 3215 cerebrum
1068 3146 1260 3240 appellatur,

276 3249 282 3261 '
355 3238 450 3331 quod
486 3238 519 3307 in
543 3255 607 3310 tres
633 3240 802 3330 portiones
829 3239 1011 3333 peculiares
1036 3239 1263 3337 distinguitur,

358 3331 393 3402 in
419 3334 591 3405 cerebrum
618 3334 742 3406 scilicet
765 3335 898 3429 proprie
923 3336 1054 3407 distem
1067 3390 1082 3423 ‚
1105 3335 1199 3433 quod
1221 3353 1263 3405 to

175 3403 341 3457 cerebellum
359 3448 431 3502 tunt
445 3456 563 3501 cavum
577 3431 722 3524 superius
735 3452 899 3525 occupat:
913 3432 946 3503 in
958 3434 1170 3506 cerebellum
1182 3427 1264 3527 quod

358 3525 520 3609 inferius,
544 3534 579 3599 &
604 3527 764 3621 posterius
788 3527 998 3624 collocatur,
1024 3538 1061 3602 &
1087 3532 1123 3612 in
1147 3529 1264 3601 medul-

355 3623 422 3694 lam
435 3625 662 3721 oblongatam‚
686 3648 763 3719 que
776 3649 835 3717 pro
849 3625 1022 3697 communi
1047 3627 1264 3720 productione

357 3722 512 3805 cerebri,
540 3728 585 3792 ,δι
609 3720 770 3793 cerebelli
796 3718 991 3794 considerati
1015 3726 1152 3816 potest,
1175 3743 1265 3816 atque

357 3840 574 3888 communem
601 3817 769 3913 utriusque
790 3815 890 3889 basim
904 3817 1100 3891 coustituit:
1127 3817 1266 3890 medulla

213 3922 319 3988 ‘pinli‘
356 3914 535 4007 oblongam
559 3932 649 3983 extra
660 3914 806 3984 cranium
819 3916 981 4008 produr‘h
1006 3914 1042 3986 in
1061 3914 1193 3988 osseum
1216 3914 1266 4009 spi·

203 3992 318 4043 'mn‘
354 4032 405 4078 nae
432 4003 517 4077 dorsi
531 4010 691 4094 canalem,
716 4010 844 4102 spinalis
866 4012 1014 4082 medulla
1025 4011 1162 4084 dicitur.
1185 4017 1266 4084 Dru·

354 4102 415 4174 but
441 4102 619 4190 substantiis
645 4108 768 4176 constat
794 4108 983 4189 cetebrutn,
1007 4109 1162 4187 corticali
1185 4113 1265 4182 cine»

175 4251 319 4305 substantia
354 4220 434 4280 rea,
461 4206 496 4270 &
519 4198 691 4271 medullati
716 4204 799 4274 alba.
813 4203 997 4292 UCotticalis
1020 4205 1204 4278 innumeris
1216 4229 1263 4274 tte

193 4323 329 4390 curritur·
354 4295 451 4367 sculis
486 4295 670 4390 sanguineis
697 4302 934 4394 componitur,
952 4357 955 4364 .
971 4324 1048 4394 qum
1079 4327 1162 4375 cum
1186 4298 1264 4376 libris

246 4469 248 4474 ,
353 4392 590 4464 medullatibus
616 4394 800 4493 coniungi,
837 4405 872 4469 δι
896 4400 1059 4468 continuo
1083 4425 1175 4472 nexu
1197 4420 1265 4494 pto·

351 4488 428 4563 tluci
461 4490 626 4578 videntne
652 4494 742 4566 unde
754 4494 937 4591 generatim
949 4481 1179 4570 couiideratttr
1201 4495 1266 4567 ub·
