2959 5567
419 909 553 1102 quisitis
585 1017 670 1070 erar.
699 1003 873 1070 innumera
897 995 944 1070 de
970 955 1138 1074 societate
1161 1025 1272 1096 apum,
1293 1027 1328 1074 ct

419 1105 539 1170 {iorum
566 1105 632 1168 dte.
657 1091 759 1167 essent
796 1095 997 1180 indicanda,
1040 1099 1078 1168 in
1106 1097 1331 1194 quibnsomni

423 1197 482 1265 bus
517 1191 580 1262 five
605 1194 637 1262 in
662 1191 827 1264 laboribus
849 1191 1112 1276 construendis,
1138 1191 1202 1266 stve
1231 1193 1262 1268 in
1280 1195 1332 1268 bet
1354 1189 1359 1230 ¹

419 1295 460 1362 lis
485 1287 711 1386 frequentibus
736 1287 893 1360 mirabilis
925 1289 1043 1360 elucet
1083 1291 1195 1372 ordo,
1225 1315 1263 1364 et
1281 1315 1359 1388 qvv¹

421 1385 550 1458 historia
574 1385 713 1478 plurium
748 1387 940 1456 animalium
979 1385 1120 1457 videtur
1153 1385 1272 1460 fabulas
1291 1411 1359 1482 po·

284 1509 288 1518 ·
422 1483 486 1556 ti‘us
510 1503 682 1564 enarrate,
717 1507 816 1578 quam
840 1479 946 1568 sadia3
983 1483 1060 1554 ittae
1086 1481 1178 1554 enirn
1209 1483 1359 1555 homini·¹

423 1583 481 1652 bus
507 1573 578 1670 ipsts
602 1574 700 1670 digna
726 1598 904 1672 appaream
927 1577 1016 1650 adeo
1031 1599 1070 1648 ut
1091 1579 1247 1652 Rotatius
1269 1577 1359 1676 opit*

421 1671 668 1766 conscripserit,
693 1677 745 1744 cui
764 1675 879 1746 titulus
892 1699 927 1750 Ξ
948 1675 1060 1768 Quod
1068 1681 1233 1752 animm-'in
1256 1681 1331 1748 stvtt
1355 1675 1359 1712 ³

411 1773 644 1870 separatione
675 1793 812 1840 utantur
833 1775 945 1840 melius
978 1773 1129 1842 homine.
1154 1773 1329 1872 Hctmssadi
1357 1769 1359 1806 ³

427 1871 528 1956 1728·
890 1933 897 1948 ,

519 1987 598 2047 271.
623 1959 856 2054 Quorumdam
878 1963 1075 2034 animalium
1114 1965 1260 2038 sollertia
1283 1987 1330 2036 tto·

419 2061 562 2144 tiotest;
589 2055 760 2130 fiveenim
785 2057 959 2130 domestica
981 2057 1063 2142 svnt,
1089 2057 1160 2134 sive
1184 2061 1335 2157 sylvestria,

419 2157 513 2240 usus,
538 2177 592 2226 aut
611 2155 802 2250 venationis
836 2151 962 2238 caussa,
997 2157 1084 2248 sape
1103 2159 1218 2230 -etiam
1245 2157 1334 2230 neces

366 2321 368 2326 .
421 2251 510 2324 stare
545 2251 749 2346 praecavendi
777 2253 819 2322 ab
852 2253 993 2346 ipsorum
1030 2249 1188 2339 infidiie,
1223 2257 1332 2328 issotrn

356 2419 362 2430 ,
420 2374 529 2422 mores
555 2349 706 2421 attentius
730 2347 1086 2440 perscrutantut.Hine
1112 2351 1329 2427 omnibusne·

322 2431 378 2468 ²³¹⁸
421 2468 492 2519 tunt
516 2447 561 2518 est
585 2469 680 2518 canes
704 2465 845 2537 aegrotos
876 2443 991 2516 herbas
1026 2449 1245 2540 (gramineas
1274 2473 1333 2540 pra·

318 2595 378 2630 ω,
422 2544 557 2628 sertim)
592 2565 752 2638 quarere,
782 2541 901 2639 quibus
933 2537 988 2612 fibi
1027 2545 1235 2630 medentum
1267 2545 1330 2618 seiet

305 2709 308 2716 .
377 2683 379 2688 ·
422 2641 619 2713 domesticos
643 2638 776 2706 festucas
801 2637 1000 2734 ingurgitare
1026 2637 1068 2708 ad
1096 2641 1267 2712 vomitum
1288 2663 1332 2712 er·

422 2739 616 2817 citandum,
650 2731 673 2803 st
700 2736 883 2808 ventriculo
916 2737 1092 2818 laborent3
1132 2761 1332 2832 utrorumque

422 2834 577 2905 industria
607 2833 640 2900 in
673 2832 751 2902 cibo
785 2831 944 2926 parando,
974 2829 1071 2918 eujus
1107 2835 1217 2930 gratia
1251 2837 1331 2906 etiam

420 2932 557 3023 plurima
581 2924 637 2997 stbi
674 2951 744 2998 non
778 2929 931 3004 naturalia
966 2927 1120 3000 ediscunt
1155 2955 1199 3004 ex
1221 2953 1330 3024 oppor-

421 3048 499 3096 tuna
522 3022 732 3096 educatione:
759 3049 777 3092 e
805 3048 920 3098 uotum
935 3025 1095 3106 ,bovum
1123 3033 1196 3100 διε.
1210 3027 1333 3100 sollertia

418 3119 582 3194 noriffima
605 3119 659 3190 est
675 3124 766 3193 Inter
780 3051 944 3218 iyltesttia
969 3123 1087 3214 lupum
1112 3143 1246 3197 tantum
1270 3125 1330 3216 bre·

419 3219 524 3291 vitatis
549 3218 651 3314 gratia
682 3219 894 3290 memorabo.
918 3219 1062 3290 Pnstotes
1084 3220 1246 3313 luporum
1269 3221 1332 3290 lita·

319 3385 379 3424 unns
419 3336 618 3410 aagemtnata
642 3314 746 3408 probe
770 3315 929 3388 noscunt:
954 3314 1035 3410 saepe
1061 3313 1150 3388 duos
1173 3321 1271 3412 lupos
1292 3315 1331 3391 so·

335 3427 345 3439 ·
382 3403 389 3420 '
423 3413 493 3486 cios
516 3410 648 3486 diverfis
673 3411 815 3506 patribus
839 3435 976 3508 gregem
1005 3411 1172 3505 adgredi,
1204 3435 1240 3484 ut
1264 3413 1328 3482 dun

420 3535 542 3596 canes,
576 3507 778 3606 pastoresque
812 3535 915 3580 unum
950 3507 1224 3604 prosequuntur,
1258 3513 1327 3580 alter

421 3633 520 3680 ovem
545 3607 692 3700 arripiat,
717 3603 906 3701 deseratque
921 3607 954 3678 in
968 3606 1117 3700 sylvam,
1139 3631 1218 3702 quo
1241 3605 1328 3676 statim

275 3725 286 3754 ’
420 3707 626 3777 conveniunt
649 3705 690 3773 ad
714 3701 851 3797 predam
889 3699 1116 3798 partiendam,
1153 3707 1211 3776 vel
1235 3705 1326 3798 pianr

420 3802 609 3874 societatem
635 3800 718 3870 inire
742 3800 783 3870 ad
807 3798 936 3871 foveant
960 3799 1203 3886 enervandam,
1225 3803 1326 3872 ntadi·

419 3919 470 3969 rus
497 3918 604 3992 pateat
627 3895 732 3978 ovili,
768 3898 821 3967 vel
845 3896 884 3968 ad
908 3899 1086 3979 homines,
1110 3921 1247 3991 equor,
1268 3923 1325 3970 eet·

416 4019 476 4068 vos
489 4005 555 4068 &c.
572 3989 837 4078 interficiend053
861 3995 974 4086 lupum
1000 4015 1107 4063 unum
1129 3993 1216 4088 saepe
1242 3995 1324 4066 tinto

416 4117 485 4163 rem
512 4089 660 4182 fingere,
685 4111 720 4162 ut
745 4114 885 4173 canem,
911 4088 1005 4180 cuius
1029 4089 1116 4162 vitet
1138 4089 1324 4164 imbecilliu-

416 4213 467 4260 res
492 4187 670 4284 dignoscit,
702 4211 720 4256 c
746 4211 847 4282 grege
883 4186 1071 4258 dimoveat:
1107 4187 1169 4258 alia
1205 4191 1325 4286 pintima

419 4286 454 4355 in
480 4287 630 4380 periculis
654 4285 750 4355 etiam
778 4285 913 4360 vivendis
941 4283 1084 4379 prebent
1112 4283 1234 4370 bruta,
1265 4307 1325 4382 que

419 4384 591 4456 maximam
618 4383 760 4478 ipsorum
784 4381 958 4455 seiievtiam
984 4379 1131 4476 produnt
1145 4381 1180 4452 in
1193 4385 1257 4456 vita
1279 4383 1327 4452 tir·

419 4481 541 4554 venda.
