2959 5567
144 1049 264 1106 lunum
293 1027 470 1104 naturalem
497 1025 637 1123 ipsorum
672 1025 838 1106 historiam
870 934 1068 1123 postillirlet,

147 1129 277 1230 {noda
304 1127 413 1199 nolito
438 1125 581 1197 instituto
606 1126 747 1196 nimium
772 1149 834 1198 nos
858 1127 1070 1214 abstraheret,

185 1251 254 1300 uca
279 1223 532 1318 perstringemus
557 1221 597 1291 de
622 1221 806 1316 vulgaribus
830 1245 969 1320 quatuor
992 1225 1068 1295 clas·

148 1249 238 1396 aas
274 1321 491 1401 animalium,
529 1309 652 1390 scilicet
687 1319 907 1402 terrestrium,
942 1320 1067 1414 aquati·

148 1418 231 1492 lium
243 1468 258 1501 ,
284 1419 481 1498 volucrum,
506 1422 541 1488 &
568 1411 783 1496 inmanium.
811 1419 922 1513 Atque
946 1417 1007 1487 linc
1032 1417 1067 1490 in
1208 1465 1212 1474 -

151 1537 184 1590 te
209 1515 303 1608 juvat
328 1507 472 1585 indicate
496 1511 608 1581 omnin
631 1512 820 1582 animalium
846 1537 968 1610 genera
991 1513 1068 1585 asa·

154 1599 359 1710 pientiffimo
381 1604 515 1704 Opifice
540 1630 611 1677 eam
638 1605 779 1678 hatuille
812 1610 960 1706 cotpuiis
986 1609 1068 1682 strn-

152 1707 306 1791 ἅιιῐεῖιω,
332 1708 370 1776 iis
394 1703 598 1776 facultatibus
623 1701 715 1775 luille
740 1706 881 1785 donata,
908 1714 944 1780 δι
968 1708 1066 1782 armis

149 1805 280 1878 inunita
304 1797 508 1883 necellatiis,
532 1802 614 1897 quin
640 1802 709 1872 imo
734 1803 838 1897 magis
871 1793 1001 1874 idoneis
1025 1803 1067 1882 ad

151 1897 318 2016 propiiam
351 1897 534 1997 cujusque,
569 1905 605 1970 &
629 1898 671 1969 ad
694 1897 813 1993 speciei
846 1898 1067 1971 conseruatio-

149 2007 293 2080 nemJut
305 1997 492 2090 eleganter,
516 1995 681 2090 doueque
705 1992 824 2088 scriptit
839 1995 946 2067 Cicero
959 1997 1015 2066 lib.
1032 2021 1064 2069 a.

150 2089 336 2164 bianum
359 2094 528 2164 Deorumz
555 2143 580 2174 „
604 2093 831 2162 Animantium
853 2112 987 2190 quanta
1011 2117 1066 2168 va·

149 2239 186 2276 „
202 2190 300 2262 rictas
311 2189 374 2262 est!
399 2199 519 2285 quanta
544 2188 680 2259 adeam
706 2213 776 2259 tem
801 2189 864 2271 vis,
887 2210 923 2262 ut
949 2189 983 2260 in
1007 2187 1067 2264 suo

148 2337 181 2374 „.
199 2310 343 2384 queque
366 2309 490 2382 genere
514 2301 748 2380 permaneant?
773 2274 912 2381 quitum
926 2277 1068 2376 alixem

146 2433 177 2472 „
200 2387 255 2456 tiis
280 2387 372 2455 10&ae
396 2383 491 2464 sunt,
514 2384 582 2453 aliae
607 2381 689 2452 villis
713 2382 849 2466 vestitae,
872 2384 942 2453 aliae
965 2381 1066 2477 spinis

150 2529 179 2574 „
202 2479 352 2561 hirsute,
389 2481 498 2574 pluma
521 2481 620 2560 alias,
644 2480 721 2550 alias
745 2478 876 2576 squama
914 2477 1065 2550 videmus

140 2575 188 2663 ⁴„'
203 2577 386 2658 obdustas,
421 2576 497 2647 alias
522 2570 586 2647 ulle
608 2573 763 2647 comibus
798 2596 956 2658 armatas,
989 2575 1066 2648 alias

151 2723 181 2762 „
203 2674 325 2754 habete
349 2673 471 2767 effugia
495 2695 685 2766 pennatum.
707 2673 836 2743 Pullum
860 2695 970 2744 autem
994 2671 1067 2743 ani·

152 2770 368 2861 „mantibus
392 2772 499 2865 large,
528 2777 563 2842 &
588 2767 720 2861 copiose
744 2790 856 2841 natura
880 2793 983 2858 eum,
1008 2766 1068 2866 qui

150 2919 181 2954 „
204 2869 257 2940 cui
306 2865 450 2959 eaptus
484 2887 574 2947 erat,
609 2867 829 2958 comparavit.
868 2866 1067 2954 Enumerare

150 3013 182 3054 ‚,
205 2988 248 3058 po
277 2989 331 3034 um
357 2964 498 3035 adeum
532 2962 652 3056 pallum
687 2960 938 3072 capellanum,
964 2957 1069 3033 confi·

153 3113 185 3148 „
207 3059 452 3156 ciendumque,
475 3085 546 3158 qua·
573 3055 608 3128 stt
633 3060 668 3130 in
692 3055 805 3154 figuris
828 3061 1069 3143 animantium,

150 3193 185 3248 ·‚,
207 3165 355 3252 &quatu
379 3157 494 3239 solers,
519 3155 704 3266 sulieilisque
729 3156 901 3250 descriptio
914 3156 1069 3250 paulum,

150 3307 183 3438 I}
205 3251 1067 3446 llll&illmq'l‘lllnll‘lilallllil‘lltss

154 3499 184 3542 ,‚
208 3445 252 3518 ita
277 3466 373 3530 nata,
398 3472 495 3542 atque
521 3447 564 3516 ita
587 3448 695 3517 locata
719 3445 814 3527 sunt,
839 3464 874 3517 ut
900 3446 980 3516 nihil
1004 3469 1066 3518 eo·

149 3595 180 3638 „
205 3567 276 3614 tum
301 3543 575 3638 supervacaneum
600 3536 662 3624 iit,
693 3542 777 3614 nihil
799 3539 840 3612 ad
864 3538 962 3612 vitam
987 3543 1065 3613 teti·

151 3693 182 3730 ‚‚
204 3638 345 3712 nendum
372 3665 439 3711 non
454 3634 676 3712 necessarium.
692 3639 794 3709 Dedit
818 3657 927 3710 autem
951 3637 1065 3710 eadem

154 3790 183 3828 „
205 3755 317 3810 natnta
350 3735 466 3808 belluis
491 3747 526 3810 &
551 3734 699 3819 sensum,
733 3745 769 3808 &
793 3721 997 3829 appetitum,
1030 3753 1066 3806 ut

151 3885 182 3922 „
206 3833 310 3906 altem
343 3856 497 3905 conatum
532 3833 688 3904 luberent
712 3834 754 3904 ad
777 3830 935 3904 naturales
959 3831 1064 3928 pastus

149 3983 183 4020 „
204 3928 438 4024 capellendos,
462 3931 564 4003 altem
587 3929 792 4002 secernerent
815 3922 965 4025 pestilera
987 3928 1065 4004 asa·

148 4081 180 4118 ‚,
200 4029 365 4124 luteribus.
390 4032 459 4105 lant
484 4050 563 4101 vero
588 4029 651 4098 alia
673 4027 826 4100 animalia
855 4026 1064 4120 gradiendo,

146 4179 181 4214 „
203 4124 448 4220 nlia'setpendo
471 4127 512 4197 ad
538 4127 660 4220 pallum
695 4125 880 4206 accedunt,
917 4123 978 4195 alia
1002 4145 1064 4193 uo·

146 4273 174 4310 ,‚
199 4221 316 4306 lando,
335 4222 395 4294 alia
407 4222 535 4294 nando:
560 4221 740 4316 cibumque
752 4220 867 4317 partim
881 4223 946 4292 otis
960 4220 1063 4303 hiatu,

145 4371 178 4410 „
201 4326 240 4393 &
264 4320 413 4392 dentibus
439 4315 511 4413 ipsis
534 4314 722 4413 capessunt,
757 4319 873 4412 partim
899 4318 1063 4413 unguium

148 4417 180 4504 ,’,
206 4419 376 4487 tenacitate
399 4419 575 4512 arripiunt,
594 4417 708 4510 partim
734 4415 921 4486 aduncitate
944 4414 1062 4486 tostae·

146 4565 178 4600 „
199 4536 298 4586 rum:
322 4515 386 4587 alin.
405 4514 542 4610 sugunt,
569 4515 629 4588 alia
653 4533 814 4610 carpunt,
839 4512 899 4588 alia
922 4530 1061 4610 uetant,
