2959 5567
482 914 514 928 *e

263 1064 363 1160 quod
389 1062 580 1159 expiretur,
603 1069 640 1136 dc
661 1061 936 1162 hydregeniurn,
956 1085 1027 1160 quo
1050 992 1178 1149 :nisia-¹

264 1181 324 1232 tur
349 1162 624 1259 vegetansflinc
646 1164 871 1256 phoenomena
895 1160 1020 1236 diversa
1042 1161 1179 1254 huiusce

260 1258 375 1330 morbi
399 1257 641 1352 explanantn13
664 1279 765 1354 atque
799 1259 870 1329 haec
916 1256 1030 1332 uidem
1054 1260 1182 1337 theoria

255 1353 417 1426 innititur
452 1353 716 1442 observatione,
749 1378 849 1449 quarn
884 1283 1006 1448 durias
1040 1354 1180 1441 habui,

260 1447 397 1524 scilicet
419 1452 544 1545 plantas
567 1451 601 1521 in
625 1476 698 1524 aere
723 1450 836 1525 clauso
858 1470 1055 1545 vegetantes
1078 1476 1177 1530 mane

261 1548 416 1640 guttulas
440 1573 531 1644 aquae
555 1548 686 1619 summis
711 1547 801 1620 soliis
837 1545 1015 1631 exhibere,
1048 1572 1122 1643 qun
1145 1548 1180 1623 in

260 1641 439 1727 tenebris,
462 1642 518 1715 vel
541 1644 634 1717 tenui
660 1643 718 1719 sub
742 1645 824 1728 luce
854 1643 1058 1738 perdurant,
1078 1644 1178 1740 plene

258 1735 345 1812 luce
369 1738 439 1812 cito
464 1740 675 1813 evanescunt.

318 1846 399 1907 161.
424 1829 654 1935 Quaecumque
678 1831 716 1908 stt
739 1837 828 1910 adio
850 1834 936 1908 lucis
970 1837 1005 1908 in
1028 1837 1153 1931 plantas
1167 1866 1243 1922 31„
1258 1855 1356 1925 ,herm

287 1932 447 2014 uoniam,
484 1956 523 2003 ea
558 1932 757 2015 deficiente,
791 1934 945 2006 morbum
979 1936 1176 2005 contrahunt
1194 1940 1232 1991 tur
1250 1940 1352 1993 morbo·

258 1956 314 2100 set
336 2029 527 2101 luculenter
558 2049 671 2124 patet,
706 2029 784 2107 huic
819 2030 945 2102 mederi
979 2030 1065 2102 lucis
1098 2055 1178 2124 pra·
1268 2093 1272 2102 .

261 2121 433 2211 sentiam3
467 2125 525 2195 lux
561 2144 673 2199 tamen
710 2125 745 2194 in
780 2122 921 2222 fingulas
957 2145 1064 2218 partes
1100 2145 1177 2224 agat

262 2239 423 2315 oporrct3
447 2222 565 2295 morbo
590 2224 681 2294 enim
704 2217 915 2306 afficiuntur,
940 2246 1013 2316 quae
1046 2222 1102 2294 tua
1125 2248 1181 2293 cr·

260 2338 354 2389 rent.
367 2318 423 2390 Sic
437 2318 494 2390 ubi
520 2344 563 2391 ex
588 2320 690 2391 nimia
713 2317 896 2411 plantarum
932 2317 1119 2414 frequentia
1143 2318 1179 2391 iu
1293 2319 1296 2325 ’

260 2414 408 2509 angusto
433 2413 535 2510 spatio
557 2418 615 2486 lux
640 2413 857 2508 impediatur:
893 2440 966 2511 quae
1003 2415 1038 2486 in
1061 2438 1180 2487 centro

262 2507 448 2605 prasertim
473 2510 571 2596 sunt,
594 2512 691 2583 nimis
714 2509 911 2595 elevantur3
935 2510 990 2582 sed
1023 2512 1179 2597 rariores,

260 2607 464 2702 &graciles
498 2608 630 2680 r'nittunt
667 2630 800 2689 ramos,
836 2605 1015 2701 earumque
1047 2608 1177 2703 liguum

260 2702 376 2773 multo
398 2703 532 2775 minoris
557 2701 912 2798 deufitatisradeoque
925 2702 1054 2775 numeri
1081 2727 1178 2775 emo-

257 2796 454 2870 lumentum
479 2800 645 2895 superatur
667 2799 977 2896 damnoquaiitatis.
1004 2801 1118 2893 Quare
1143 2800 1179 2872 in

261 2893 448 2967 educandis
482 2895 589 2982 filvis,
613 2897 667 2968 vel
689 2897 806 2991 plantis
843 2895 984 2985 cuiusvis
1021 2896 1179 2992 generis,

259 2986 326 3061 nisr
352 3010 559 3087 opportunus
585 2994 756 3066 censeatur
771 2994 939 3077 ¹morbus,
964 2990 1093 3087 semper
1115 3019 1176 3063 cu·

240 3087 429 3173 'randum,
461 3111 498 3161 ur
532 3091 649 3184 plantae
683 3114 744 3183 pro
777 3090 865 3161 varia
897 3110 1012 3159 natura
1046 3090 1176 3185 magis,

239 3177 416 3255 'minusve
439 3185 535 3256 radiis
559 3186 713 3259 solaribus
737 3184 958 3275 subjiciantur.
984 3188 1063 3257 Huc
1088 3210 1178 3257 rnor-

259 3277 312 3350 bo
347 3280 472 3352 utimur
503 3282 545 3351 ad
578 3285 750 3353 nonnullas
787 3283 988 3354 edulcandas
1033 3284 1178 3355 acriores

265 3375 390 3448 herbas
413 3380 439 3446 E
464 3382 494 3451 G
520 3377 684 3450 cichorea.

317 3484 395 3543 162.
423 3470 483 3545 Etsi
507 3474 602 3546 radiis
627 3474 782 3547 solaribus
817 3476 970 3545 laetentur
1004 3474 1289 3571 tegendi-Quande
1306 3493 1348 3549 tux

256 3565 326 3654 1123
352 3588 460 3647 tamen
484 3570 677 3666 quibusdam
701 3572 735 3641 in
760 3570 920 3664 adjunstis
944 3572 1058 3665 aliquae
1082 3573 1176 3666 plan·
1226 3578 1325 3615 ‘'W'‘

261 3681 306 3734 tae
329 3661 513 3738 laeduntur.
538 3668 706 3751 Morbus,
738 3693 809 3762 quo
843 3668 1095 3761 corripiuntur,
1126 3667 1178 3740 di·

258 3758 396 3832 versum
419 3787 542 3846 nomen
564 3764 714 3836 obtinet:
729 3772 763 3836 δι
778 3763 948 3857 multiplex
974 3765 1071 3834 etiarn
1097 3788 1178 3835 cen·

262 3852 420 3930 setur‘ex
446 3861 567 3933 erdem
591 3858 713 3933 caussa.
738 3864 818 3934 Hoc
853 3860 967 3931 evenit
999 3859 1177 3956 praesertim

259 3975 372 4118 auum
397 3951 595 4032 florescente
618 3955 732 4054 segete
757 3957 938 4041 nebulam,
976 3977 1031 4028 aut
1056 3957 1178 4030 tenuis·

293 4073 380 4122 maur
403 4053 547 4147 pluviam
583 4053 729 4150 seqnitur
760 4052 928 4149 presentia
961 4054 1035 4127 solis
1072 4052 1180 4148 splen·

260 4142 478 4220 dentiffimi‘z
513 4169 593 4228 runc
618 4151 738 4228 nebula
773 4151 859 4224 adeo
896 4146 1109 4234 afficiuntur,
1143 4168 1182 4223 ut

258 4240 414 4326 arescant
452 4270 585 4343 grana,
617 4271 658 4327 ea
695 4246 814 4343 quibus
839 4244 945 4320 furfur
969 4246 1182 4320 solummodo

252 4339 484 4434 percipiatur:
510 4341 588 4416 folia
612 4345 708 4422 eriam
733 4342 820 4414 suam
853 4344 1082 4437 perpetiuntur
1105 4366 1181 4416 rnu-

260 4439 452 4523 rationem,
478 4435 562 4510 fiunt
586 4441 677 4511 enirn
702 4440 881 4534 pellucide.

361 4532 415 4605 N«
434 4537 549 4630 Attqnt
570 4532 661 4644 hosce¹
681 4542 806 4612 morbos
826 4559 971 4633 repetunt
992 4565 1065 4616 cm
1087 4537 1183 4615 Gali·
