2959 5567
169 1049 270 1115 tetur;
305 1055 362 1100 aer
394 1028 556 1125 campana
579 1030 779 1125 expandetur
808 1055 867 1125 per
888 963 1072 1121 antltliim3

167 1124 276 1224 ejusque
310 1128 459 1198 volrauen
483 1148 576 1221 tanto
599 1130 702 1228 magis
724 1131 918 1222 augebitur,
952 1154 1073 1224 quanto

168 1222 259 1318 major
274 1219 325 1318 ,esi
347 1221 480 1308 anthlia
502 1227 681 1317 capacitas3
701 1221 812 1320 statim
834 1228 981 1320 converso
1005 1232 1082 1323 epi··

160 1311 274 1409 somio,
297 1320 521 1412 intercipiatur
531 1318 639 1389 aditus
660 1322 729 1391 aeri
753 1323 837 1389 inter
859 1347 1071 1417 campanam,

166 1415 190 1480 b
209 1409 394 1497 anthliara,
418 1417 592 1509 iterumque
609 1409 789 1486 adducatur
802 1418 938 1487 embolus
960 1419 1006 1488 ad
1016 1422 1073 1490 ba-

155 1504 385 1606 smsummara
408 1511 433 1578 B
442 1561 456 1592 ,
470 1502 535 1604 sua
560 1512 734 1582 elevatione
757 1513 893 1604 expellet
913 1539 1017 1585 acrem
1030 1543 1073 1586 ex

132 1689 133 1696 ἵ
159 1607 278 1676 andelia
297 1631 357 1700 per
380 1607 594 1678 canaliculum
618 1604 651 1677 f:
682 1607 888 1703 conversoque
911 1608 1071 1707 epiflomio

156 1703 265 1772 iterum
287 1702 485 1795 deprimatur
506 1702 664 1785 emboltts3
693 1730 749 1773 aer
772 1730 934 1797 campana
956 1710 1072 1778 iteriem

151 1821 203 1887 per
224 1798 387 1868 antleliam
410 1797 635 1891 expandetur3
657 1820 753 1891 atque
775 1805 824 1867 ita
838 1801 988 1895 semper,
1010 1803 1067 1876 do-

153 1917 206 1962 nec
223 1887 332 1986 ferme
354 1895 462 1964 nullus
484 1896 519 1961 in
541 1919 698 1989 campana
710 1892 850 1995 stepersr
872 1915 937 1965 aer.
1063 1933 1078 1975 y

151 2023 159 2034 .
242 1989 347 2084 Finge
370 1989 500 2063 anthlia
520 1993 733 2081 capacitatem
756 1997 1068 2088 campoua·capaci-
1139 1995 1142 2000 ’
1188 2015 1203 2044 ⁸

150 2086 213 2156 rari
235 2087 404 2181 aqualem,
422 2108 466 2179 po
497 2090 638 2178 primum
661 2087 776 2157 emboli
797 2087 987 2160 eduilionem
1011 2083 1068 2161 aer·
1125 2153 1128 2160 .

148 2207 312 2276 campana
336 2207 419 2277 cxpa
471 2181 531 2253 'tur
553 2185 587 2250 in
604 2183 751 2252 uolumen
771 2181 914 2277 duplum,
936 2213 991 2256 aer
1004 2175 1067 2280 igi·

149 2302 202 2346 tur
213 2277 282 2372 sub
305 2302 464 2371 campana
486 2274 623 2379 resolutos
645 2277 778 2347 dimidio
801 2279 980 2375 esrarior3
1000 2279 1069 2378 posl

142 2373 316 2467 secundam
339 2371 611 2443 exlearitlarionem
635 2375 801 2441 dimidium
821 2366 913 2444 aeris⁰
925 2379 960 2442 in
980 2404 1069 2446 cam-

143 2495 234 2565 pana
255 2466 411 2570 restduum
434 2469 537 2540 denuo
559 2469 755 2564 expanditur
783 2472 818 2536 iu
840 2470 985 2552 uolumen
1009 2472 1069 2541 du·

144 2568 258 2660 plum:
282 2564 380 2660 reslat
401 2590 476 2661 ergo
498 2586 612 2659 quarte
634 2557 720 2634 aeris
726 2566 888 2656 primitivi
905 2591 1003 2658 pars,
1017 2565 1068 2666 fi·

147 2686 186 2729 ue
208 2687 266 2730 aer
287 2659 425 2761 residuus
448 2658 674 2760 eslqreadruplo
695 2663 821 2729 rarior:
842 2664 911 2759 posl
936 2667 1066 2734 tertiam

146 2755 315 2829 reducetur
337 2758 382 2829 ad
397 2762 523 2852 partem
546 2756 708 2840 oc‘lauarn3
732 2751 796 2851 fine
820 2785 875 2825 aer
889 2759 954 2852 sub
978 2778 1066 2829 'cam-

141 2879 234 2951 pana
258 2880 275 2922 r
359 2880 396 2924 ur
415 2857 481 2923 erit
502 2854 720 2934 oc'lr'esrerior3
744 2874 840 2946 atque
851 2858 899 2922 ita
909 2853 1063 2949 deinceps.

284 2976 326 3020 ac
354 2947 398 3047 esl
418 2975 462 3018 uu
477 2953 562 3020 varis
584 2948 679 3042 liujus
701 2950 855 3018 maclu'na
876 2948 1063 3045 descriptio:

146 3066 184 3116 at
194 3070 296 3139 nuper
308 3050 408 3116 multo
416 3044 630 3140 perfee‘liorcm
642 3041 887 3139 construxerunt
909 3049 1065 3117 recentio-

147 3167 206 3213 res.
232 3142 390 3212 Embolus
401 3165 473 3212 rota
485 3145 617 3211 dentata
619 3140 771 3233 susdeque
783 3145 951 3235 agitatur3
976 3168 1064 3211 carn·

142 3262 247 3334 pana,
272 3239 303 3307 b
325 3240 408 3308 lanx
431 3238 510 3308 adeo
532 3234 656 3332 affabre
672 3235 773 3325 fiunt,
798 3260 836 3304 ut
855 3238 943 3306 ruello
962 3240 1063 3309 inter·

142 3331 247 3435 pofito
271 3338 372 3415 corio,
393 3336 445 3403 rel
465 3361 536 3404 cera
560 3331 667 3402 exaile
691 3356 892 3426 congruant,
908 3329 1068 3422 firmium

166 3428 410 3514 ueadiiareant.
436 3431 580 3500 Valuulis
603 3433 763 3508 excorio,
787 3424 887 3525 vesca
897 3478 910 3509 ,
934 3431 1063 3500 metallo

146 3457 299 3595 inuritur
322 3552 378 3594 aer
396 3553 437 3594 ex
456 3549 635 3620 campana,
658 3523 714 3616 qui
724 3525 765 3591 ab
777 3525 1066 3617 antliliaerumpit.·

153 3617 161 3628 ’
195 3621 246 3689 Ν.
262 3647 292 3708 3.
318 3620 477 3694 Fluiditas
495 3615 561 3715 ejus
584 3618 625 3713 es
636 3621 766 3688 nativus
774 3613 895 3711 slatus:
909 3620 1062 3711 saviente
1095 3642 1217 3695 rtuidios

148 3721 231 3786 enim
249 3712 375 3812 frigore
396 3718 474 3788 adeo
495 3718 638 3810 intenso,
671 3739 708 3783 ut
726 3718 835 3784 omnia
860 3716 999 3808 liguida,
1033 3719 1064 3786 θ’

151 3814 321 3883 mercurius
342 3812 419 3909 ipse,
440 3813 633 3908 consolidata
645 3814 803 3905 rigerent,
828 3838 885 3880 aer
892 3806 962 3908 stre
975 3836 1066 3907 aper·

154 3931 213 3993 tus,
226 3904 299 4008 five
320 3908 446 4004 clausus
460 3909 526 4002 sua
544 3908 706 4005 gaudebat
721 3906 908 4002 fluiditate:
934 3909 964 3975 b
984 3933 1063 4000 por·

157 4007 254 4074 tieula
278 4032 300 4074 a
302 4002 408 4098 solari
430 4005 549 4073 lumine
565 3999 638 4096 sere
652 4003 889 4095 scintillantes,
912 4032 989 4097 quas
1013 4008 1064 4072 in·

154 4123 280 4191 gruente
294 4095 422 4198 frigore
434 4100 659 4169 uehementiori
670 4099 811 4168 ridemus
821 4122 895 4192 nos,
917 4099 1064 4194 uidebat-

158 4217 208 4286 que
227 4197 469 4278 Boerbaariur,
492 4221 558 4267 non
579 4198 662 4267 aeris
683 4195 864 4289 particulis,
878 4196 940 4289 sed
955 4198 1065 4288 agneis

160 4293 319 4386 teporibus
337 4318 395 4385 per
418 4317 521 4364 aereru
544 4293 754 4388 congloriaris
766 4290 850 4382 sunt
871 4288 1061 4382 referendae

163 4410 248 4476 quare
283 4386 413 4485 testante
435 4387 665 4469 Boerlzaauio,
699 4413 891 4481 quocumque
912 4383 1063 4482 frigore,

167 4480 188 4547 ὅ
208 4509 399 4579 quacumque
419 4483 573 4556 diuturna
596 4480 812 4579 compreffiorze
835 4511 892 4554 aer
905 4487 969 4580 sica
982 4486 1059 4554 exui
