2959 5567
421 1037 615 1208 Priseffiuis¹
631 1097 830 1210 Palmeufis,
852 1109 921 1203 qui,
943 1113 1104 1206 portione
1129 1113 1260 1185 trieben
1280 1141 1332 1196 ure

418 1235 490 1280 cum
507 1209 668 1306 superiore
691 1208 824 1302 larynge
845 1206 972 1302 iecisti,
995 1235 1112 1279 eruens
1135 1215 1263 1280 animal
1277 1211 1331 1304 eo}

415 1307 487 1374 dem
507 1303 578 1396 fere
602 1329 692 1373 uoces
717 1297 842 1402 edrdrffi
863 1303 1058 1398 observavit.
1084 1305 1153 1376 lllu
1167 1331 1270 1378 auteur
1290 1313 1330 1376 iu·

416 1413 497 1496 ‘gens
520 1425 601 1469 aeres
624 1405 740 1494 copia,
777 1423 872 1492 quam
905 1424 981 1470 aves
1004 1407 1178 1472 continere
1198 1401 1329 1502 poffurt,

417 1503 487 1568 'non
502 1497 608 1592 selum
633 1496 677 1565 ud
697 1519 802 1564 eorum
826 1497 1019 1580 levitatem,
1045 1499 1078 1567 o
1102 1503 1271 1582 volatum,
1290 1525 1327 1566 re·

421 1617 492 1663 rum
515 1598 610 1661 eriam
636 1590 898 1672 adharmonr'cos,
920 1593 952 1662 θ
971 1591 1155 1690 longiſjime
1173 1595 1328 1690 proeredes

422 1715 528 1758 eorum
552 1713 665 1758 coprus
688 1682 833 1777 conserte
857 1687 1000 1758 uidetur.

473 1793 553 1874 256.
580 1782 712 1862 Diuersa
738 1784 785 1852 est
809 1783 844 1854 in
867 1781 1001 1856 diversis
1025 1785 1255 1858 animantibus
1277 1785 1324 1856 rel·

231 1868 405 1986 tffilgnlf
422 1879 558 1974 piratio:
596 1880 684 1950 unde
716 1881 816 1950 etiam
851 1879 983 1952 diverse
1015 1905 1142 1952 eorum
1182 1883 1324 1976 sanguinis

240 2005 307 2055 uror,
422 1974 626 2048 affectiones.
664 1981 701 2045 ln
727 1975 839 2048 avibus
862 1977 968 2046 multo
993 1979 1152 2050 crebrior
1179 1979 1324 2077 (ludii

169 2083 172 2088 ’
423 2099 455 2143 rr.
478 2076 534 2146 81.
548 2079 585 2163 )·,
611 2071 757 2168 ideoque
781 2071 917 2167 ipsarum
942 2071 1076 2168 sanguis
1103 2075 1323 2148 fervidiorlen·

422 2172 525 2266 guine
551 2171 713 2251 hominis,
747 2167 1026 2264 quadrupedum,
1059 2183 1098 2244 δι
1124 2195 1320 2244 caeterornn:

422 2263 524 2361 pisces
560 2291 617 2360 per
641 2265 811 2336 branchias
834 2265 990 2359 respirant
1014 2267 1147 2364 (Iustis.
1163 2271 1205 2338 V.
1229 2271 1271 2340 N.
1287 2269 1321 2336 ol

421 2388 509 2433 num.
535 2379 593 2451 4'0.
618 2365 676 2432 fec.
700 2365 738 2450 l,
778 2361 988 2457 ipsorumque
1020 2361 1159 2462 sanguis
1183 2363 1321 2436 diffinilir

236 2469 266 2518 1¹¹
295 2459 404 2534 piscibus
420 2460 553 2530 videtur
576 2458 724 2554 sangnini
749 2459 890 2530 aliorum
918 2459 1164 2548 animantium
1188 2487 1263 2533 narn
1282 2485 1321 2532 ct·

232 2537 311 2586 “¹⁰¹⁶
325 2547 498 2630 “l‘¹⁵·loris
522 2580 637 2651 expers
660 2555 726 2626 ell.
760 2555 887 2626 lutecia
907 2557 1127 2650 pulmonibus
1151 2581 1281 2642 cereum
1297 2577 1324 2640 u

422 2653 553 2725 duobus
586 2650 719 2748 predita
752 2649 824 2722 sunt
857 2651 1042 2736 canalibus,
1080 2651 1149 2724 srve
1175 2656 1320 2736 trocheis,

246 2800 401 2854 rufi-nomm
421 2749 511 2840 juxta
546 2745 629 2820 dorsr
651 2749 899 2842 longitudinem
927 2745 1074 2842 politis,
1110 2775 1193 2822 cum
1218 2751 1319 2848 quibu

232 2872 351 2940 urgmra.
421 2873 480 2940 per
516 2847 598 2916 alios
635 2843 833 2916 canaliculos
867 2845 1121 2919 communicant
1151 2851 1276 2921 rimulae
1295 2848 1320 2918 in

421 2940 788 3034 superficie'eorporis,
813 2967 886 3037 quae
895 2941 1042 3037 stigmata
1066 2943 1241 3016 dicuntur.
1263 2945 1320 3014 lle·

413 3042 528 3108 ¹rrimus
565 3059 681 3107 eorum
707 3036 782 3110 usus
807 3036 962 3108 inservire
985 3039 1121 3111 uidetur
1143 3037 1320 3136 expiration'

419 3132 596 3226 cuiuspiam
621 3130 735 3217 fluidi3
760 3133 1162 3230 quandoquidemeitius‚
1186 3137 1319 3232 quanin

421 3253 540 3312 vacuo,
564 3230 751 3312 intereunt,
776 3226 911 3314 froleo,
930 3251 987 3302 ant
1011 3233 1077 3301 alio
1101 3233 1236 3328 liquido
1259 3255 1320 3304 cor·

420 3351 501 3419 pore
526 3324 675 3421 stigmata
699 3326 909 3424 obtegantur.
930 3329 1021 3399 Hinc
1044 3327 1149 3400 facile
1176 3331 1320 3426 intelligi·

419 3447 515 3505 mus,
540 3447 599 3495 cur
622 3423 736 3493 oleum
763 3423 891 3494 infestis
914 3425 997 3494 adeo
1022 3423 1193 3498 infensum
1218 3423 1267 3496 lit.
1288 3431 1319 3496 ln

418 3520 593 3600 vermibus.
609 3519 793 3616 generatim
817 3517 980 3591 difficilius
998 3519 1249 3619 distinguuntur
1270 3543 1320 3592 tra·

423 3619 526 3687 clreae.
563 3625 598 3686 ln
624 3617 751 3712 polypis
775 3617 867 3686 nulla
891 3614 1132 3712 dignoscuntur
1154 3619 1321 3714 respiratio·

421 3716 471 3784 nis
494 3739 636 3808 organa3
660 3737 776 3783 verum
801 3713 1106 3785 hanclnnuionem
1133 3717 1167 3788 in
1178 3713 1253 3811 ipsus
1264 3739 1319 3788 non

422 3815 568 3880 exerceri
593 3810 678 3881 haud
704 3807 897 3880 itafidenter
918 3807 1069 3882 dixerim.
1098 3813 1220 3906 Quam
1233 3813 1319 3884 rnulu

419 3904 453 3973 in
479 3909 549 3975 dies
575 3931 659 3976 nova
684 3908 907 4002 deteguntur!

467 4003 512 4069 N.
536 4006 677 4095 Speciem
689 4003 906 4096 respirationis
921 4003 1171 4098 peruniversum
1196 4007 1322 4102 corpori

418 4097 515 4190 nostri
536 4101 693 4166 ambitum
704 4099 913 4168 iudicauimus
922 4095 998 4193 lull.
1013 4101 1053 4168 V.
1066 4101 1123 4171 86.
1136 4103 1184 4170 N.
1198 4131 1209 4186 3
1232 4123 1320 4174 uem

410 4193 542 4283 fixum,
565 4219 654 4287 quem
673 4197 796 4288 primus
818 4193 961 4284 definivit
973 4196 1082 4268 Comes
1091 4199 1133 4265 de
1143 4200 1273 4280 Mille,
1289 4221 1318 4264 ex

418 4291 556 4383 qualibet
575 4293 714 4385 corporis
721 4313 813 4382 porte
829 4293 954 4383 prodire
962 4293 1081 4385 pluries
1098 4295 1136 4361 irt
1147 4279 1321 4366 inlausta·-

418 4409 523 4482 pertus
536 4389 621 4480 jum.
658 4386 789 4481 Insuper
812 4387 953 4484 inflata,
978 4389 1009 4456 θ
1032 4393 1209 4482 aliquando
1234 4415 1318 4460 etrum

418 4509 504 4578 aqua
528 4479 667 4575 repleta,
688 4507 747 4576 per
768 4507 878 4574 aptum
897 4483 1047 4574 foramen
1071 4489 1106 4554 in
1132 4509 1230 4570 cute,
1251 4511 1319 4580 qut·

418 4579 586 4674 drupcdum
598 4631 610 4662 ,
648 4583 677 4648 tr
701 4583 810 4646 avium
835 4583 898 4649 tela
920 4579 1092 4674 cellulosa,
1115 4581 1320 4662 animaduerti
