2959 5567
118 921 164 1024 fi
182 923 328 998 altitudo
350 919 414 996 DZ
438 915 598 998 excitem
629 923 723 1021 pedes
744 935 805 1019 ιι.
840 951 925 1023 aqua
945 857 1065 1027 fist⁹em

125 1022 279 1115 pendula
314 1025 350 1092 in
375 1024 471 1107 tubo,
508 1023 756 1118 (equarumque
789 1025 825 1094 vi
847 1025 1000 1096 adbibita
1022 1050 1065 1096 ne
1115 1047 1121 1059 ¹

132 1117 240 1188 lrilum
264 1117 389 1213 quidem
405 1112 505 1218 poffe
533 1113 686 1190 drumm
721 1122 891 1210 (Proem.
916 1145 950 1214 p.
979 1125 1062 1210 ιι.)

195 1237 249 1284 ιι.
278 1213 496 1286 Torricellius
519 1213 642 1310 primus
667 1211 844 1308 suspicatus
857 1217 906 1288 eli
929 1215 1060 1288 caulam

136 1307 269 1384 subelle
292 1311 543 1383 mechanicam:
569 1315 604 1382 dr
627 1333 720 1406 aque
732 1311 961 1386 substituendo
973 1335 1063 1384 mer·
1079 1315 1245 1402 roperta
1334 1359 1337 1365 .

134 1407 273 1518 curium
297 1425 439 1504 quater,
464 1413 500 1480 δι
523 1406 638 1516 decies
656 1431 749 1504 aqua
771 1404 1062 1503 ponderofior'em,
1101 1383 1220 1510 om,

136 1501 275 1575 invenit
309 1505 345 1576 in
369 1499 484 1576 fistulis
507 1502 618 1576 vitreu
643 1505 844 1579 mercurium
873 1507 1001 1578 herere
1026 1509 1064 1580 in

137 1599 322 1672 altitudine
346 1597 510 1692 pollicum
534 1598 666 1670 circiter
692 1603 774 1685 28„
809 1627 885 1700 quae
920 1601 1065 1676 altitudo

140 1695 276 1768 inverse
312 1693 493 1788 respondet
514 1693 726 1791 gravitatibus
750 1696 909 1791 specibcis
946 1723 1065 1797 aqnae,

142 1799 181 1865 dr
205 1789 386 1890 ιιιειςιιιὶἱς
409 1815 511 1888 quare
525 1792 653 1885 optime
678 1795 904 1870 concludebat
926 1797 968 1868 ab
981 1820 1060 1868 aere

144 1889 295 1960 exterius
318 1907 495 1984 premente
519 1887 646 1986 liquida
675 1889 813 1977 extolli,
837 1897 876 1966 dt
896 1889 1066 1994 sustentati
1129 1923 1134 1930 ·

142 1985 189 2056 ad
215 2009 271 2058 eas
294 1983 496 2057 altitudines.

196 2105 252 2152 ιι.
277 2079 415 2174 Nempe
444 2103 506 2168 ,aer
529 2078 679 2154 exterior
702 2081 908 2156 mercurium
931 2083 968 2156 in
991 2083 1067 2158 vase

145 2177 351 2274 lingnamem
374 2199 530 2270 premens
554 2175 689 2250 sustinet
713 2177 787 2270 ejus
808 2181 999 2254 columnam
1023 2180 1067 2253 ad

146 2275 216 2368 pol.
245 2275 303 2346 28.
328 2275 419 2346 Pone
442 2274 560 2346 tubum
592 2272 750 2368 utrinque
773 2293 924 2370 apertum
955 2277 1068 2372 longi·
1141 2313 1146 2322 ·

143 2369 272 2442 tudinis
295 2369 377 2464 poll.
403 2391 458 2441 ex.
483 2391 534 2468 gr.
563 2378 643 2460 36„
678 2366 774 2461 cuius
807 2387 995 2444 extremum
1018 2371 1067 2444 al·

147 2481 262 2536 terum
284 2467 319 2537 in
343 2465 511 2538 mercurio
535 2481 727 2562 mergatur,
751 2471 788 2537 dr
811 2491 853 2538 ex
872 2469 978 2540 altero
1004 2491 1064 2539 er·

148 2581 258 2634 tremo
280 2584 393 2636 aerem
427 2559 577 2660 exsuge,
609 2560 793 2634 mercurius
829 2562 914 2634 istra
946 2563 1066 2648 tubum

149 2659 357 2742 elevabitur,
393 2663 429 2730 dr
454 2657 748 2752 cumpervenerit
769 2657 814 2730 ad
836 2659 906 2752 pol.
932 2659 1075 2732 circiter·

148 2757 222 2840 28,
246 2774 284 2826 ut
309 2775 346 2827 ut
369 2757 577 2848 protrahetur
600 2753 730 2839 fullio,
753 2755 946 2828 nullatenus
968 2774 1068 2852 pote-
1148 2795 1154 2802 ·

145 2853 192 2922 rit
215 2843 410 2935 dimoveti3
445 2873 500 2922 aer
523 2851 614 2924 enim
638 2850 787 2923 exterius
809 2873 965 2949 premens
999 2851 1067 2945 jam

145 2947 291 3022 libratur
315 2973 393 3021 curn
421 2969 461 3018 ea
485 2944 641 3020 mercurii
665 2947 845 3020 ωΙιιιιιιιιι
869 2971 974 3043 quare
997 2972 1069 3020 non

148 3043 329 3129 fullioue,
367 3041 423 3115 sed
458 3045 539 3116 aeris
565 3038 732 3154 prellione
761 3043 913 3120 elevatur
935 3067 1070 3118 utercu-

147 3141 216 3214 rius
228 3195 241 3228 ,
265 3139 479 3236 elevatusque
502 3139 691 3237 lulbneturss.
838 3171 847 3186 ·

205 3263 262 3328 ¹3·
287 3237 363 3308 liae
387 3236 430 3309 de
443 3229 548 3310 caulla
572 3233 672 3308 eriam
696 3234 805 3308 effluit
828 3263 914 3334 aqua
938 3260 1069 3311 ecture
1106 3267 1230 3338 ,qum

150 3333 314 3432 longiore
346 3327 523 3426 fiphonis,
568 3333 664 3426 cujus
701 3356 778 3404 crus
813 3332 949 3408 brevius
982 3359 1069 3432 aqua
1092 3339 1247 3394 eonem

152 3451 336 3527 mergatur,
359 3425 495 3500 exfodio
518 3428 606 3500 enim
630 3453 708 3502 aero
733 3453 887 3504 excrure
909 3431 1072 3527 longiori,

152 3549 209 3598 aer
244 3523 391 3598 exterius
423 3547 578 3619 premens
612 3551 731 3622 aquarn
755 3525 903 3621 impellit
936 3526 971 3596 in
994 3551 1070 3599 crus

153 3623 315 3695 breviust
351 3616 376 3691 st
400 3622 647 3717 quoquomodo
670 3622 861 3716 intercipias
885 3623 1073 3695 communi·

154 3721 327 3792 cntionem
351 3716 434 3788 aeris
459 3715 632 3790 exterioris
656 3743 735 3790 cum
760 3743 854 3814 aquae
878 3716 1071 3814 superficie,
1141 3762 1145 3768 ·

154 3835 192 3888 ut
215 3835 386 3888 urrerem
411 3811 711 3910 exsugas,„nullus
736 3816 894 3910 sequetur
916 3813 1070 3888 efflurus.

206 3937 263 4002 ¹4·
287 3911 404 4002 Quam
425 3911 601 3988 veritatem
625 3910 812 3984 paschalius
836 3909 1068 3986 confirmavit:
1191 3990 1197 4002 ⁸

154 4009 274 4081 tubum
299 4005 392 4077 enim
415 4007 693 4080 Torricellianum
717 4035 736 4081 a
760 4009 883 4082 montis
905 4007 1068 4081 radicibus
1086 3983 1229 4110 fffm

155 4101 385 4177 transferendo
408 4101 450 4172 ad
473 4103 560 4176 illius
585 4103 726 4178 diversas
750 4104 964 4189 altitudines,
999 4103 1070 4174 ani·
1170 4101 1177 4114 ’

157 4198 334 4272 madvertit
358 4200 508 4270 mercurii
521 4198 710 4276 columnam
735 4201 879 4296 deprimi
892 4197 1072 4272 succeffive

158 4297 193 4366 in
216 4297 256 4367 iis
273 4291 461 4384 'majoribus
485 4295 731 4381 altitudinibus,
751 4297 831 4368 dein
855 4295 977 4368 sursum
1000 4295 1074 4366 suc·

159 4387 279 4470 cellite
303 4392 425 4470 elevari
448 4391 708 4478 ¹descendendo,
742 4391 847 4492 nsque
871 4393 954 4466 dum
977 4413 1071 4464 com·
1223 4435 1232 4453 ·
