2959 5567
1036 959 1081 1032 ιδ

239 1052 452 1133 mahadam,
476 1076 517 1120 ac
541 1056 653 1124 merito
677 1053 769 1126 aadit'
788 985 1106 1150 rrrrrtrdorarrices.5

347 1145 475 1238 rata
498 1148 675 1244 plantarum
700 1145 774 1221 seir
798 1173 921 1222 norum
944 1153 1083 1224 exaravit
1105 1143 1155 1246 sy'-
1187 1149 1290 1206 ΠΜ·

239 1267 352 1318 stema
375 1245 528 1318 Liooaeus
550 1250 673 1318 Suetus
707 1271 795 1318 anno
821 1272 923 1337 ¹537·
947 1249 1040 1344 quod
1072 1247 1155 1320 dicit

239 1341 386 1414 lexoale.
409 1338 480 1436 lpse
504 1343 624 1436 plantas
646 1342 803 1416 distribuit
816 1344 847 1413 io
864 1337 1061 1432 amclades,
1079 1367 1153 1439 qua·

241 1441 407 1512 exhibent
438 1459 517 1524 104.
539 1439 720 1523 sediones,
744 1439 778 1509 in
802 1439 921 1533 quibus
943 1441 1154 1512 continentur

239 1557 373 1632 genera
401 1557 523 1622 1174,
542 1560 614 1632 quae
637 1535 670 1606 in
692 1558 800 1620 7000.
812 1536 932 1627 species
955 1536 1155 1608 dividuntur.

239 1630 392 1704 Addidit
415 1628 472 1700 sub
496 1632 592 1704 titulo
614 1629 799 1726 appendicis
823 1647 910 1724 ²5¹¹¹¹
942 1627 1091 1714 ciuilem,
1119 1633 1155 1708 itt

240 1723 489 1824 quapalmrm,
512 1727 651 1823 aliasque
674 1727 907 1826 comploditut
929 1730 1155 1825 plantas,qua·

242 1849 325 1898 rum
351 1825 552 1896 charaderes
585 1819 761 1895 essentiales
783 1823 932 1896 nondum
956 1826 1154 1898 determina·

240 1941 361 1992 verat.
386 1919 560 2012 Pracipuas
593 1917 765 1994 divisiones
786 1943 807 1992 e
831 1919 1017 1994 staminibus
1041 1921 1155 2004 duxit,

242 2041 289 2090 ex
315 2015 447 2086 illorum
471 2013 592 2108 nemp'e
616 2040 777 2104 numero,
800 2017 981 2102 relatione,
1004 2016 1062 2100 situ
1086 2027 1154 2092 διο.

239 2112 326 2186 alias
349 2111 535 2208 epistiliis.
559 2115 693 2184 Caeteris
726 2111 867 2206 partibus
898 2110 1156 2186 frudilicationis

240 2209 325 2282 usus
358 2207 403 2280 ell
437 2208 471 2278 in
496 2210 668 2304 generibus
704 2207 981 2296 determinandis,
1015 2212 1061 2280 uti
1095 2235 1158 2280 nu·

241 2327 372 2386 mero,
395 2311 431 2376 δι
455 2302 561 2376 forma
585 2304 742 2376 seminum
754 2354 769 2387 ,
803 2329 966 2388 numero,
988 2312 1026 2378 δι
1048 2306 1156 2398 dispo·

241 2397 371 2474 fitione
394 2401 599 2492 ¹petalotum,
623 2401 728 2471 forma
750 2397 892 2482 florum,
926 2401 1078 2474 structura
1100 2427 1155 2472 ca·

305 2496 333 2568 is
356 2501 475 2568 &c.1n
498 2497 516 2567 s
532 2497 663 2569 eciebus
687 2495 830 2592 denique
853 2495 1084 2592 distinguendis
1108 2498 1157 2568 di·

241 2499 475 2690 &adonem
497 2524 615 2674 dorum
657 2592 748 2686 supra
787 2595 956 2686 plantam,
991 2592 1159 2664 involucra

246 2687 477 2771 eorumdem,
500 2689 690 2784 capreolos,
715 2687 852 2759 formam
877 2687 1018 2771 radicis,
1041 2689 1159 2772 trunci,

246 2785 410 2856 foliorum
433 2780 879 2858 &c.cons1deravir.ctaffes
903 2786 1084 2856 nominavit
1098 2807 1159 2854 vo·

251 2881 351 2954 cibus
374 2881 512 2962 Gratis,
535 2883 652 2978 quibus
675 2882 861 2952 earumdem
886 2883 1082 2953 characteres
1094 2905 1160 2952 una

254 3001 345 3048 voce
381 2978 587 3062 indicanturr
620 2997 655 3048 ut
687 2977 789 3072 prima
820 2979 1049 3060 Moaaadria,
1080 2977 1158 3048 idest
1173 2989 1330 3042 Mantuam

249 3073 355 3146 uilius
378 3071 531 3156 staminis,
546 3073 674 3145 'scilicet
697 3074 813 3156 unicus
837 3074 989 3158 maritus,
1012 3071 1160 3145 fiveuoi·

251 3193 334 3244 cum
362 3171 493 3243 lunen.
523 3194 576 3256 13.
599 3171 816 3265 Polyaadrr'a,
839 3171 978 3242 llaminis
1002 3171 1160 3264 multipliv,

252 3267 319 3342 cis
340 3259 612 3340 numerofillima.
641 3291 695 3355 ¹4·
720 3267 945 3358 Didyaamia,
977 3269 1160 3338 staminibus
1177 3325 1210 3373 m
1247 3320 1330 3371 m

255 3381 405 3460 quatuor
437 3363 587 3458 pradita,
620 3386 762 3458 quorum
790 3361 858 3432 duo
890 3362 961 3433 suot
991 3364 1158 3458 longiora.
1288 3431 1291 3436 ,
1332 3353 1340 3372 ’

257 3486 320 3548 ²4·
347 3459 599 3554 Cryprogamr'a,
622 3459 759 3530 occulta:
783 3458 925 3551 nuptia,
946 3461 1023 3552 quia
1046 3461 1350 3556 plantaecqprogmr..

255 3554 360 3646 huius
382 3551 480 3626 claffis
503 3555 644 3646 patentia
667 3579 734 3624 oon
758 3555 912 3626 eihrbent
942 3553 1071 3628 stamina
1094 3565 1161 3628 dte.

258 3648 459 3741 Huiusmodi
469 3653 593 3722 Linnaei
605 3651 760 3722 Botanica
781 3649 955 3720 methodus
967 3650 1165 3744 caterislpal·

260 3772 352 3820 mam
375 3741 528 3842 arripuit,
551 3773 589 3818 ac
603 3746 780 3842 permultos
804 3746 950 3817 nadiaest
972 3745 1165 3835 sedatorem

260 3839 323 3918 etli
345 3841 408 3918 alia
426 3856 594 3938 systemata
616 3841 775 3938 propofita
798 3842 940 3927 fuerint,
963 3866 1076 3914 verum
1088 3845 1166 3939 quia

260 3943 346 4033 (ιρι
369 3941 402 4010 in
427 3940 543 4034 plantis
567 3939 709 4031 ejusdem
745 3940 862 4035 speciei
896 3961 998 4032 partes
1032 3949 1084 4012 vel
1107 3967 1166 4014 ua·

259 4061 350 4119 rura,
372 4035 425 4106 vel
448 4033 527 4112 casu,
544 4037 671 4108 diversa
695 4036 894 4117 obveniunt,
918 4043 953 4110 δι
967 4036 1072 4128 plures
1096 4061 1165 4132 my·

262 4131 484 4227 croscopicae,
508 4131 571 4204 suis
595 4159 661 4204 non
687 4153 777 4204 vacat
801 4126 1047 4204 difficultatibus.

332 4301 335 4306 ,
361 4229 408 4300 Ν.
431 4231 486 4298 Na
508 4253 565 4302 vos
588 4233 748 4300 dimittam
771 4233 901 4300 amaiao
919 4228 1047 4322 jejunos
1070 4234 1166 4302 relate

260 4325 311 4400 ad
330 4347 530 4420 systemata,
562 4353 625 4420 qua
658 4322 782 4424 direrfis
815 4329 1006 4423 temporibus
1036 4331 1165 4421 prolata

248 4421 375 4518 sture,
394 4423 509 4516 paucis
533 4427 678 4517 accipite.
691 4422 781 4490 latur
803 4443 919 4491 veteres
943 4423 1089 4494 Andreas
1102 4425 1165 4494 Ca·
1190 4420 1330 4495 cesatpint.

252 4523 386 4622 ffllpirrr'
408 4519 514 4596 italus
537 4521 657 4594 labrare
681 4521 804 4624 stralo
826 4519 942 4604 XVI,
960 4519 1059 4616 suam
1082 4521 1166 4590 dedit

1170 3155 1332 3223 Polyrndrir.
