2959 5567
962 959 1034 1036 369

170 1071 301 1128 nerem,
338 1049 368 1118 ἂν
401 1071 516 1141 aquam
551 1043 595 1117 ad
612 1050 775 1141 pulmones
798 1043 892 1140 aspre
911 1048 1082 1138 peruenire.

167 1141 265 1214 Hmc
287 1168 352 1214 non
375 1151 477 1238 inepte
491 1143 651 1238 suspicari
673 1143 826 1236 quispiam
842 1141 964 1239 potest,
987 1143 1084 1238 respi-

156 1244 332 1310 .rnu'onem
356 1263 421 1312 nou
435 1241 543 1334 sulum
567 1242 610 1309 ud
628 1243 817 1332 pulmones,
854 1265 960 1308 veruna
985 1263 1084 1310 etrum

164 1335 217 1406 ad
239 1335 322 1404 alins
343 1357 450 1428 partes
470 1337 637 1428 pertinere.
742 1345 746 1352 '

223 1451 304 1518 257.
329 1431 479 1506 secretio
503 1430 649 1524 denique
675 1427 721 1500 est
744 1453 784 1500 ea
802 1427 953 1510 funstio,
977 1455 1084 1525 quaa

169 1523 334 1621 sanguine
360 1529 438 1618 (vel
461 1530 600 1598 humore
625 1525 694 1612 eius
720 1528 810 1598 sices
835 1531 999 1634 gerente)
1025 1551 1090 1634 per.

165 1623 263 1692 varia
286 1645 410 1716 organa
423 1622 607 1717 separantur
631 1621 718 1693 succi
740 1625 779 1692 ad
793 1645 895 1694 vanos
921 1631 1081 1716 ulusuptr.

152 1721 316 1816 ,Sanguis
341 1719 428 1789 enim
455 1721 501 1790 est
526 1718 809 1811 promptuarium,
842 1741 884 1790 ex
909 1744 978 1814 quo
1003 1743 1082 1812 prae·

165 1811 286 1886 sertim
310 1815 498 1886 educuntur
513 1814 650 1888 materie
674 1814 715 1886 ad
728 1813 902 1888 anirrralem
926 1813 1082 1906 fabricam

155 1909 370 2000 ¹struendam.
397 1906 539 1982 Diuersus
562 1911 722 2006 glandulis
736 1963 749 1994 ,
774 1909 918 1980 minimis
942 1911 1080 1990 vasculis

163 2003 393 2082 disersrmode
418 2009 619 2096 complicatis
644 2007 807 2090 cerebro,
831 2009 972 2100 hepate,
996 2009 1084 2082 reni-

164 2103 232 2174 bus
268 2109 362 2185 &c.,
395 2101 511 2183 diversr
536 2107 690 2176 humores
717 2103 931 2176 secernuntur
953 2105 997 2174 ob
1022 2131 1082 2178 va·

163 2199 251 2272 riam
287 2193 414 2269 fisrtaffe
438 2201 642 2296 spiculorum
670 2198 948 2292 amplitudinem,
985 2197 1081 2274 infle-

152 2295 322 2382 ‚xiunem,
345 2291 501 2392 liguram,
526 2319 625 2392 arque
647 2295 819 2374 varietates
844 2293 878 2364 in
903 2296 1079 2371 elementis

157 2393 371 2474 lrurrrorrrm,
395 2392 452 2486 qui
466 2392 638 2484 multiplici
662 2391 889 2484 percolatione
902 2388 1081 2484 perficiun-

168 2509 253 2576 tur;
279 2487 385 2558 forsan
410 2488 501 2560 variis
526 2485 760 2569 affinitatibus,
784 2491 835 2564 uel
860 2486 969 2584 potius
995 2509 1083 2560 utra·

1116 1482 1237 1534 Srrrstis.

164 2609 239 2680 que
266 2579 379 2656 caullr‘.
405 2583 602 2656 bleclrarriea
621 2583 841 2655 secretionum
865 2582 1081 2658 adhucvalde
1119 2625 1121 2630 ·

165 2681 314 2754 obscura
337 2681 407 2762 etl,
443 2687 477 2748 &
501 2680 572 2769 eius
597 2678 756 2754 delibatio
788 2701 859 2750 non
875 2675 941 2756 ,nisr
964 2681 1080 2774 multi-

164 2777 250 2872 plici
275 2775 460 2848 anatomica
484 2773 707 2874 lisquilirione
738 2776 858 2868 exponi
882 2776 938 2848 vel
959 2773 1079 2852 leviter

165 2867 286 2980 pollet.
313 2873 426 2964 Quare
450 2869 616 2944 dumtaxat
637 2895 809 2943 monemus
834 2897 863 2942 r.
878 2868 1081 2946 secretiones

165 2993 205 3038 rn
230 2967 362 3044 diversis
386 2966 577 3040 animalibus
594 2969 701 3040 ¹ferme
726 2965 850 3038 eodem
873 2971 971 3062 palio
994 2963 1080 3052 fieri,

163 3063 276 3160 idque
302 3089 343 3136 ex
357 3064 506 3160 analogia
520 3064 689 3159 praesertim
702 3062 928 3160 intelligimus.
956 3089 987 3134 2.
1001 3065 1081 3138 Plu·

153 3185 221 3236 ¹res
246 3155 311 3234 elle
337 3165 370 3232 in
392 3160 606 3234 animantibus
631 3161 747 3230 iisdem
767 3161 951 3254 peculiares
965 3159 1081 3232 lecre-

165 3255 295 3340 tiones,
320 3279 356 3328 ut
381 3283 410 3328 e.
437 3283 470 3351 g.
496 3257 647 3328 moschus
671 3257 705 3328 in
730 3255 927 3328 moschifero
951 3257 990 3348 (il
1010 3283 1085 3326 mu·

150 3325 254 3446 'sclu'o
277 3349 512 3450 nullisne),
548 3376 713 3426 venenum
738 3351 773 3424 in
795 3351 929 3446 vipera,
949 3349 1081 3426 lucem
1159 3347 1165 3356 ⁸

165 3446 328 3532 oleolus,
352 3447 628 3546 quoinduuntur
651 3449 760 3523 avium
785 3449 926 3542 plume,
962 3471 1080 3518 muco·

167 3543 223 3614 sus
249 3539 491 3629 eoclrlearum,
516 3569 697 3640 purpureus
708 3544 806 3627 buri,
828 3545 909 3618 acris
934 3543 1081 3637 plurium

165 3641 370 3714 insectorum
392 3647 472 3724 &c.,
496 3642 752 3738 quaevarietrles
765 3665 902 3733 organa,
923 3641 978 3726 yel
991 3639 1079 3732 prin·

166 3737 258 3830 cipia
280 3735 315 3808 in
333 3761 457 3814 ¹eornm
482 3738 681 3834 germinibus
706 3735 1015 3819 diyersaollendere
1029 3737 1081 3814 vi.

166 3835 315 3919 dentum
340 3831 514 3944 prasertim
539 3861 643 3932 quum
654 3831 828 3906 animantia
851 3833 974 3905 eodem
999 3833 1101 3918 cibo¹

164 3929 296 4022 utentia
320 3929 481 4010 diversum
507 3932 681 4003 exhibeant
707 3929 854 4002 succum.
888 3928 1079 4006 Maximum

155 4023 236 4100 elle
263 4023 484 4097 secretionum
508 4026 602 4101 usum
624 4027 800 4100 inanimali
824 4025 1079 4100 oeconomiares

168 4125 218 4198 est
243 4121 417 4196 manifesta.

241 4223 289 4292 N.
314 4223 369 4290 De
382 4222 595 4319 secretiorum
619 4218 714 4383 cappis
737 4220 923 4314 opiniones,
952 4221 1081 4316 reliquis

165 4317 291 4416 miffis,
325 4319 405 4390 duas
427 4321 616 4388 memorabo.

167 4405 293 4488 uinum
317 4441 439 4508 organa
458 4407 513 4514 effe
525 4411 668 4484 coar‘lr'lia
691 4415 733 4483 ab
744 4413 862 4494 initio,
873 4409 944 4510 five
962 4419 997 4481 r'n
1007 4435 1080 4506 per·

167 4515 254 4600 nine
278 4515 401 4582 imbuta
433 4499 585 4604 peculrair'
608 4511 734 4578 lrumnre
758 4507 1018 4604 transamundo:
1043 4507 1079 4576 in

270 4605 374 4706 Instit.
400 4605 526 4710 Plryfic.
553 4606 633 4678 Pars
656 4605 705 4677 ll.
842 4629 888 4691 ²4

762 4319 768 4330 ,
1097 4276 1266 4334 Delectatio-

672 4342 694 4385 π
714 4341 821 4410 prima
840 4339 960 4411 putant
973 4317 1266 4416 ficrlmeopimones.
